% This file was created with JabRef 2.3.1.
% Encoding: ISO8859_1
@ARTICLE{Reusser2009a,
  author = {D. E. Reusser and  E. Zehe},
  title = {What to learn from periods of bad model performance? (Fourier Amplitude Sensitivity Test)},
  journal = {Water Ressources Research},
  year = {2009},
  volume = {},
  pages = {submitted},
}
@ARTICLE{Reusser2009,
  author = {D. E. Reusser and T. Blume and B. Schaefli and E. Zehe},
  title = {Analysing the temporal dynamics of model performance for hydrological
	models},
  journal = {Hydrol. Earth Syst. Sci.},
  year = {2009},
  volume = {13},
  pages = {999-1018},
  file = {:opaque/reusser2009.pdf:PDF},
  owner = {dreusser},
  timestamp = {2008.11.05}
}


@comment{jabref-meta: selector_publisher:}

@comment{jabref-meta: selector_author:}

@comment{jabref-meta: selector_journal:}

@comment{jabref-meta: selector_keywords:}

