% This file was created with JabRef 2.3.1.
% Encoding: ISO8859_1

@ARTICLE{Reusser2008a,
  author = {D. E. Reusser and T. Blume and B. Schaefli and E. Zehe},
  title = {Analysing the temporal dynamics of model performance for hydrological
	models},
  journal = {Hydrol. Earth Syst. Sci. Discuss.},
  year = {2008},
  volume = {5},
  pages = {1-43},
  url = {http://www.hydrol-earth-syst-sci-discuss.net/5/3169/2008/hessd-5-3169-2008.html},
  file = {:opaque/reusser2008_hess.pdf:PDF},
  owner = {dreusser},
  timestamp = {2008.11.05}
}

@comment{jabref-meta: selector_publisher:}

@comment{jabref-meta: selector_author:}

@comment{jabref-meta: selector_journal:}

@comment{jabref-meta: selector_keywords:}

